@article{muthayya2014overview,
  title={An overview of global rice production, supply, trade, and consumption},
  author={Muthayya, Sumithra and Sugimoto, Jonathan D and Montgomery, Scott and Maberly, Glen F},
  journal={Annals of the new york Academy of Sciences},
  volume={1324},
  number={1},
  pages={7--14},
  year={2014},
  publisher={Wiley Online Library}
}

@article{seck2012crops,
  title={Crops that feed the world 7: Rice},
  author={Seck, Papa Abdoulaye and Diagne, Aliou and Mohanty, Samarendu and Wopereis, Marco CS},
  journal={Food security},
  volume={4},
  number={1},
  pages={7--24},
  year={2012},
  publisher={Springer}
}

@book{bhattacharya2015introduction,
  title={An introduction to rice-grain technology},
  author={Bhattacharya, Kshirod R and Ali, Syed Zakiuddin},
  year={2015},
  publisher={WPI Publishing}
}

@article{birch2012crops,
  title={Crops that feed the world 8: Potato: are the trends of increased global production sustainable?},
  author={Birch, Paul RJ and Bryan, Glenn and Fenton, Brian and Gilroy, Eleanor M and Hein, Ingo and Jones, John T and Prashar, Ankush and Taylor, Mark A and Torrance, Lesley and Toth, Ian K},
  journal={Food Security},
  volume={4},
  number={4},
  pages={477--508},
  year={2012},
  publisher={Springer}
}

@article{erskine2011crops,
  title={Crops that feed the world 3. Investing in lentil improvement toward a food secure world},
  author={Erskine, William and Sarker, Ashutosh and Kumar, Shiv},
  journal={Food Security},
  volume={3},
  number={2},
  pages={127},
  year={2011},
  publisher={Springer}
}

@article{maraseni2018international,
  title={An international comparison of rice consumption behaviours and greenhouse gas emissions from rice production},
  author={Maraseni, Tek Narayan and Deo, Ravinesh C and Qu, Jiansheng and Gentle, Popular and Neupane, Prem Raj},
  journal={Journal of cleaner production},
  volume={172},
  pages={2288--2300},
  year={2018},
  publisher={Elsevier}
}

@book{smith2003rice,
  title={Rice: origin, history, technology, and production},
  author={Smith, C Wayne and Dilday, Robert H},
  volume={3},
  year={2003},
  publisher={John Wiley \& Sons}
}

@book{chauhan2017rice,
  title={Rice production worldwide},
  author={Chauhan, Bhagirath S and Jabran, Khawar and Mahajan, Gulshan},
  volume={247},
  year={2017},
  publisher={Springer}
}

@book{luh2013rice,
  title={Rice: Volume I. Production},
  author={Luh, Bor S},
  year={2013},
  publisher={Springer Science \& Business Media}
}

